<record xmlns="http://www.loc.gov/MARC21/slim" xmlns:xsi="http://www.w3.org/2001/XMLSchema-instance" xsi:schemaLocation="http://www.loc.gov/MARC21/slim http://www.loc.gov/standards/marcxml/schema/MARC21slim.xsd"><leader>02020nam a2200433   4500</leader><controlfield tag="001">001680502</controlfield><controlfield tag="003">NNU</controlfield><controlfield tag="006">m        d        </controlfield><controlfield tag="007">cr cn |||m|||a</controlfield><controlfield tag="008">150222s1969    iq h    ob    000 p araod</controlfield><datafield ind1=" " ind2=" " tag="040"><subfield code="a">NNU</subfield><subfield code="b">eng</subfield><subfield code="c">NNU</subfield></datafield><datafield ind1=" " ind2="4" tag="050"><subfield code="a">PJ7760</subfield><subfield code="b">. A28A17 1969</subfield></datafield><datafield ind1="0" ind2=" " tag="100"><subfield code="6">880-01</subfield><subfield code="a">Abu&#772; H&#803;ayya&#772;n Muh&#803;ammad ibn Yu&#772;suf,</subfield><subfield code="d">1256-1344.</subfield></datafield><datafield ind1="1" ind2="0" tag="245"><subfield code="6">880-02</subfield><subfield code="a">Di&#772;wa&#772;n Abi&#772; H&#803;ayya&#772;n al-Andalusi&#772;</subfield><subfield code="h">[electronic resource] /</subfield><subfield code="c">tah&#803;qi&#772;q Ah&#803;mad Mat&#803;lu&#772;b, Khadi&#772;jah al-H&#803;adi&#772;thi&#772;.</subfield></datafield><datafield ind1="1" ind2="4" tag="246"><subfield code="a">Diwan Abu Hayyan</subfield></datafield><datafield ind1=" " ind2=" " tag="250"><subfield code="6">880-03</subfield><subfield code="a">al-T&#803;ab&#699;ah 1.</subfield></datafield><datafield ind1=" " ind2=" " tag="260"><subfield code="6">880-04</subfield><subfield code="a">[Baghda&#772;d :</subfield><subfield code="b">Mat&#803;ba&#699;at al-&#699;A&#772;ni&#772;,</subfield><subfield code="c">1969]</subfield></datafield><datafield ind1=" " ind2=" " tag="300"><subfield code="a">online resource (551 p.) :</subfield><subfield code="b">facsims.</subfield></datafield><datafield ind1=" " ind2=" " tag="500"><subfield code="a">Poems.</subfield></datafield><datafield ind1=" " ind2=" " tag="500"><subfield code="a">Part of the Arabic Collections Online (ACO) project, contributed by New York Univeristy Libraries.</subfield></datafield><datafield ind1=" " ind2=" " tag="504"><subfield code="a">Includes bibliographical references (p. 507-510).</subfield></datafield><datafield ind1=" " ind2=" " tag="533"><subfield code="a">Electronic reproduction.</subfield><subfield code="b">New York, N.Y. :</subfield><subfield code="c">New York University,</subfield><subfield code="d">2015.</subfield><subfield code="5">NNU</subfield></datafield><datafield ind1=" " ind2="0" tag="650"><subfield code="a">Arabic poetry</subfield><subfield code="y">1258-1800.</subfield></datafield><datafield ind1=" " ind2="7" tag="650"><subfield code="a">Arabic poetry.</subfield><subfield code="2">fast</subfield><subfield code="0">(OCoLC)fst00812533</subfield></datafield><datafield ind1=" " ind2="7" tag="648"><subfield code="a">1258 - 1800</subfield><subfield code="2">fast</subfield></datafield><datafield ind1="1" ind2=" " tag="700"><subfield code="6">880-05</subfield><subfield code="a">Mat&#803;lu&#772;b, Ah&#803;mad.</subfield></datafield><datafield ind1="1" ind2=" " tag="700"><subfield code="6">880-06</subfield><subfield code="a">H&#803;adi&#772;thi&#772;, Khadi&#772;jah.</subfield></datafield><datafield ind1="2" ind2=" " tag="710"><subfield code="a">New York University.</subfield><subfield code="b">Libraries.</subfield></datafield><datafield ind1="0" ind2=" " tag="730"><subfield code="a">Arabic Collections Online.</subfield></datafield><datafield ind1="0" ind2="8" tag="776"><subfield code="i">Print version:</subfield><subfield code="a">Abu&#772; H&#803;ayya&#772;n Muh&#803;ammad ibn Yu&#772;suf, 1256-1344.</subfield><subfield code="t">Di&#772;wa&#772;n Abi&#772; H&#803;ayya&#772;n al-Andalusi&#772;</subfield><subfield code="w">(NNU)001680502</subfield></datafield><datafield ind1="4" ind2="0" tag="856"><subfield code="u">http://hdl.handle.net/2333.1/1ns1rq00</subfield></datafield><datafield ind1="0" ind2=" " tag="880"><subfield code="6">100-01/</subfield><subfield code="a">&#1575;&#1576;&#1608; &#1581;&#1610;&#1575;&#1606; &#1605;&#1581;&#1605;&#1583; &#1576;&#1606; &#1610;&#1608;&#1587;&#1601;&#1548;</subfield><subfield code="d">1256-1344.</subfield></datafield><datafield ind1="1" ind2="0" tag="880"><subfield code="6">245-02/</subfield><subfield code="a">&#1583;&#1610;&#1608;&#1575;&#1606; &#1575;&#1576;&#1610; &#1581;&#1610;&#1575;&#1606; &#1575;&#1604;&#1575;&#1606;&#1583;&#1604;&#1587;&#1610; /</subfield><subfield code="c">&#1578;&#1581;&#1602;&#1610;&#1602; &#1575;&#1581;&#1605;&#1583; &#1605;&#1591;&#1604;&#1608;&#1576;&#1548; &#1582;&#1583;&#1610;&#1580;&#1577; &#1575;&#1604;&#1581;&#1583;&#1610;&#1579;&#1610;.</subfield></datafield><datafield ind1=" " ind2=" " tag="880"><subfield code="6">250-03/</subfield><subfield code="a">&#1575;&#1604;&#1591;&#1576;&#1593;&#1577; 1.</subfield></datafield><datafield ind1=" " ind2=" " tag="880"><subfield code="6">260-04/</subfield><subfield code="a">[&#1576;&#1594;&#1583;&#1575;&#1583; :</subfield><subfield code="b">&#1605;&#1591;&#1576;&#1593;&#1577; &#1575;&#1604;&#1593;&#1575;&#1606;&#1610;&#1548;</subfield><subfield code="c">1969]</subfield></datafield><datafield ind1="1" ind2=" " tag="880"><subfield code="6">700-05/</subfield><subfield code="a">&#1605;&#1591;&#1604;&#1608;&#1576;&#1548; &#1575;&#1581;&#1605;&#1583;.</subfield></datafield><datafield ind1="1" ind2=" " tag="880"><subfield code="6">700-06/</subfield><subfield code="a">&#1581;&#1583;&#1610;&#1579;&#1610;&#1548; &#1582;&#1583;&#1610;&#1580;&#1577;.</subfield></datafield><datafield ind1=" " ind2=" " tag="959"><subfield code="a">NNU</subfield><subfield code="b">WEB</subfield><subfield code="c">GENI</subfield><subfield code="t">0</subfield><subfield code="m">Electronic access</subfield><subfield code="s">01</subfield></datafield><datafield ind1=" " ind2=" " tag="999"><subfield code="i">NNU_001680502</subfield><subfield code="s">nyu_aco000373</subfield><subfield code="e">(ERROR-880)</subfield></datafield></record>